@InBook{TypografickySystemTeX,
author = {Petr Olšák},
title = {Typografický systém TeX},
chapter = {3},
publisher = {Brno : Konvoj, 2000. -- 300 s.},
year = {2016},
address = {Brno, Česká republika},
edition = {2},
pages = {34--35},
ISBN = {80-85615-91-6},
}

@InBook{LaTeXTutorials,
editor = {E. Krishnan},
cover = {G. S. Krishna},
title = {LATEX TUTORIALS — A PRIMER},
chapter = {1},
publisher = {Indian TEX Users Group},
year = {2003},
month = {September},
address = {Trivandrum 695014, India},
pages = {7--16},
}

@Misc{WikiTypografie,
author = "{Wikipedia contributors}",
title = {Typografie},
year = {2019},
howpublished = {[online]},
url = "{https://cs.wikipedia.org/wiki/Typografie}",
note = "[viděno 6. 4. 2020]"
}

@Misc{TypoPravidla,
author = "{Milan Keršláger}",
title = {Typografická pravidla},
year = {2016},
howpublished = {[online]},
url = {https://www.pslib.cz/milan.kerslager/Typografick\%C3\%A1\_pravidla},
note = "[viděno 6. 4. 2020]",
}

@Misc{TypoFormaty,
author = "{design \& html Janak}",
title = {- - FORMÁT - -},
year = {2001},
howpublished = {[online]},
url = {http://www.typografie.unas.cz/format.html},
note = "[viděno 6. 4. 2020]",
}

@Misc{TypeMagPensum,
author = {STAFF},
title = {The making of a type trilogy},
journal = {TYPE magazine},
howpublished = {[online]},
year = {2020},
month = {březen},
day = {16},
url = {https://www.typemag.org/post/googe-fonts-new-storefront},
note = "[viděno 6. 4. 2020]",
}

@Article{PrintMagShelley,
author = {Callie Budrick},
title = {Typography Inspiration from Dr. Shelley Gruendler},
journal = {PRINT},
year = {2015},
month = {říjen},
day = {9},
url = {https://www.printmag.com/imprint/typography-inspiration-from-dr-shelley-gruendler/},
}

@Article{RWDArticle,
author = {Christian Vasile},
title = {Responsive Typography in Web Design: Understanding and Using},
journal = {designmodo},
year = {2012},
month = {listopad},
url = "{https://designmodo.com/responsive-typography/\#responsive-typography-examples}",
note = "[viděno 6. 4. 2020]",
}

@MastersThesis{BcMUNI,
author = {Eliška Cvingráfová},
title = {Počítače v chemii},
school = {Masarykova univerzita. Pedagogická fakulta. Katedra chemie},
year = {2011},
type = {Bakalářská práce},
pages = {4--18},
}

@MastersThesis{BcMarcela,
author = {Marcela Kubovvá},
title = {Kontrola typografie v Adobe InDesign},
school = {Západočeská univerzita v Plzni. Fakulta aplikovaných věd. Katedra informatiky a výpočetní techniky},
year = {2011},
type = {Bakalářská práce},
pages = {9--13},
}
